@inproceedings{pdac,
  author = {Schmidt, D. and Ostrouchov, G. and Chen, W.-C. and Patel, P.},
  title = {Tight Coupling of R and Distributed Linear Algebra for High-Level Programming with Big Data},
  year = {2012},
  booktitle = {2012 SC Companion: High Performance Computing, Networking Storage and Analysis},
  organization = {IEEE Computer Society},
  editor = {Kellenberger, Patrick}
}

@MISC{Chen2012pbdMPIpackage,
  author = {Chen, W.-C. and Ostrouchov, G. and Schmidt, D. and Patel, P. and
            Yu, H.},
  title = {pbdMPI: Programming with Big Data -- Interface to MPI},
  year = {2012},
  note = {R Package},
  url = {http://cran.r-project.org/package=pbdMPI}
}

@MANUAL{Chen2012pbdMPIvignette,
  author = {Chen, W.-C. and Ostrouchov, G. and Schmidt, D. and Patel, P. and
            Yu, H.},
  title = {A Quick Guide for the pbdMPI package},
  year = {2012},
  note = {R Vignette},
  url = {http://cran.r-project.org/package=pbdMPI}
}
@MISC{Chen2012pbdSLAPpackage,
  author = {Chen, W.-C. and Schmidt, D. and Ostrouchov, G. and Patel, P.},
  title = {pbdSLAP: Programming with Big Data --
           Scalable Linear Algebra Packages},
  year = {2012},
  note = {R Package},
  url = {http://cran.r-project.org/package=pbdSLAP}
}
@MANUAL{Chen2012pbdSLAPvignette,
  author = {Chen, W.-C. and Schmidt, D. and Ostrouchov, G. and Patel, P.},
  title = {A Quick Guide for the pbdSLAP package},
  year = {2012},
  note = {R Vignette},
  url = {http://cran.r-project.org/package=pbdSLAP}
}
@MISC{Schmidt2012pbdBASEpackage,
  author = {Schmidt, D. and Chen, W.-C. and Ostrouchov, G. and Patel, P.},
  title = {pbdBASE: Programming with Big Data --
           Core pbd Classes and Methods},
  year = {2012},
  note = {R Package},
  url = {http://cran.r-project.org/package=pbdBASE}
}
@MANUAL{Schmidt2012pbdBASEvignette,
  author = {Schmidt, D. and Chen, W.-C. and Ostrouchov, G. and Patel, P.},
  title = {A Quick Guide for the pbdBASE package},
  year = {2012},
  note = {R Vignette},
  url = {http://cran.r-project.org/package=pbdBASE}
}
@MISC{Schmidt2012pbdDMATpackage,
  author = {Schmidt, D. and Chen, W.-C. and Ostrouchov, G. and Patel, P.},
  title = {pbdDMAT: Programming with Big Data --
           Distributed Matrix Algebra Computation},
  year = {2012},
  note = {R Package},
  url = {http://cran.r-project.org/package=pbdDMAT}
}
@MANUAL{Schmidt2012pbdDMATvignette,
  author = {Schmidt, D. and Chen, W.-C. and Ostrouchov, G. and Patel, P.},
  title = {A Quick Guide for the pbdDMAT package},
  year = {2012},
  note = {R Vignette},
  url = {http://cran.r-project.org/package=pbdDMAT}
}
@MISC{Schmidt2013pbdDEMOpackage,
  author = {Schmidt, D. and Chen, W.-C. and Ostrouchov, G. and Patel, P.},
  title = {pbdDEMO: Programming with Big Data --
           Demonstrations of pbd Packages},
  year = {2013},
  note = {R Package},
  url = {http://cran.r-project.org/package=pbdDEMO}
}
@MANUAL{Schmidt2013pbdDEMOvignette,
  author = {Schmidt, D. and Chen, W.-C. and Patel, P. and Ostrouchov, G.},
  title = {Speaking Serial R with a Parallel Accent},
  year = {2013},
  note = {R Vignette},
  url = {http://cran.r-project.org/package=pbdDEMO}
}


@MISC{pbdR2012,
  author = {Ostrouchov, G. and Chen, W.-C. and Schmidt, D. and Patel, P.},
  title = {Programming with Big Data in R},
  year = {2012},
  url = {http://r-pbd.org/}
}
@Manual{Rcore,
  title = {R: A Language and Environment for Statistical Computing},
  author = {{R Core Team}},
  organization = {R Foundation for Statistical Computing},
  address = {Vienna, Austria},
  year = {2012},
  note = {{ISBN} 3-900051-07-0},
  url = {http://www.r-project.org/},
}
@MISC{hpsc2011,
  author = {Chen, W.-C. and Ostrouchov, G.},
  title = {HPSC -- High Performance Statistical Computing for Data
           Intensive Research},
  year = {2011},
  note = {URL http://thirteen-01.stat.iastate.edu/snoweye/hpsc/}
}


@Manual{sqldf,
  title = {sqldf: Perform SQL Selects on R Data Frames},
  author = {G. Grothendieck},
  year = {2012},
  note = {R package version 0.4-6.4},
  url = {http://CRAN.R-project.org/package=sqldf},
}


  @Manual{rmpi,
    title = {Rmpi: Interface (Wrapper) to MPI (Message-Passing Interface)},
    author = {Hao Yu},
    year = {2012},
    note = {R package version 0.6-1},
    url = {http://CRAN.R-project.org/package=Rmpi},
  }

    @Manual{foreach,
    title = {foreach: Foreach looping construct for R},
    author = {Revolution Analytics},
    year = {2012},
    note = {R package version 1.4.0},
    url = {http://CRAN.R-project.org/package=foreach},
  }

  @Manual{dompi,
    title = {doMPI: Foreach parallel adaptor for the Rmpi package},
    author = {Steve Weston},
    year = {2010},
    note = {R package version 0.1-5},
    url = {http://CRAN.R-project.org/package=doMPI},
  }

@Book{kunen,
  title = {Set Theory: An Introduction to Independence Proofs},
  publisher = {North-Holland},
  year = {1980},
  author = {Kunen, K.}
}

@BOOK{slug,
  AUTHOR = {Blackford, L. S. and Choi, J. and Cleary, A. and
	    D'Azevedo, E. and Demmel, J. and Dhillon, I. and
	    Dongarra, J. and Hammarling, S. and Henry, G. and
	    Petitet, A. and Stanley, K. and Walker, D. and
	    Whaley, R. C.},
  TITLE = {{ScaLAPACK} Users' Guide},
  PUBLISHER = {Society for Industrial and Applied Mathematics},
  YEAR = {1997},
  URL = {http://netlib.org/scalapack/slug/scalapack_slug.html/},
  ADDRESS = {Philadelphia, PA},
  ISBN = {0-89871-397-8 (paperback)} 
}

@book{lug,
 author = {Anderson, E. and Bai, Z. and Bischof, C. and Blackford, L. S. and Demmel, J. and Dongarra, Jack J. and Du Croz, J. and Hammarling, S. and Greenbaum, A. and McKenney, A. and Sorensen, D.},
 title = {LAPACK Users' guide (third ed.)},
 year = {1999},
 isbn = {0-89871-447-8},
 publisher = {Society for Industrial and Applied Mathematics},
 address = {Philadelphia, PA, USA},
} 

@book{linpack,
    author = {Dongarra, J. J. and Moler, C. B. and Bunch, J. R. and Stewart, G. W.},
    citeulike-article-id = {1566866},
    keywords = {bibtex-import},
    posted-at = {2007-08-15 15:33:43},
    priority = {0},
    publisher = {SIAM},
    title = {{LINPACK} User's Guide},
    year = {1979}
}


@MISC{netcdf,
  author = {NetCDF\text{ }Group},
  title = {Network Common Data Form},
  year = {2008},
  note = {Software package},
  url = {http://www.unidata.ucar.edu/software/netcdf/}
}


  @Book{ggplot2,
    author = {Hadley Wickham},
    title = {ggplot2: elegant graphics for data analysis},
    publisher = {Springer New York},
    year = {2009},
    isbn = {978-0-387-98140-6},
    url = {http://had.co.nz/ggplot2/book},
  }

  
@book{gvl,
    author = {Golub, Gene H. and Van Loan, Charles F.},
    day = {15},
    edition = {3rd},
    howpublished = {Paperback},
    month = oct,
    publisher = {The Johns Hopkins University Press},
    title = {Matrix Computations (Johns Hopkins Studies in Mathematical Sciences)(3rd Edition)},
    year = {1996}
}



@article{quantilemess,
     jstor_articletype = {research-article},
     title = {A Note on the Estimation of Mean and Standard Deviation from Quantiles},
     author = {Benson, F.},
     journal = {Journal of the Royal Statistical Society. Series B (Methodological)},
     jstor_issuetitle = {},
     volume = {11},
     number = {1},
     jstor_formatteddate = {1949},
     pages = {pp. 91-100},
     url = {http://www.jstor.org/stable/2983699},
     ISSN = {00359246},
     abstract = {},
     language = {English},
     year = {1949},
     publisher = {Wiley for the Royal Statistical Society},
     copyright = {Copyright Â© 1949 Royal Statistical Society},
    }
    
 
 @book{numericalstab,
 author = {Higham, Nicholas J.},
 title = {Accuracy and Stability of Numerical Algorithms},
 year = {2002},
 isbn = {0898715210},
 edition = {2nd},
 publisher = {Society for Industrial and Applied Mathematics},
 address = {Philadelphia, PA, USA},
} 



@MISC{Patel2013pbdNCDF4package,
  author = {Patel, P. and Ostrouchov, G. and Chen, W.-C. and Schmidt, D. and Pierce, D.},
  title = {pbdNCDF4: Programming with Big Data --
           Interface to Parallel Unidata NetCDF4 Format Data Files},
  year = {2013},
  note = {R Package},
  url = {http://cran.r-project.org/package=pbdNCDF4}
}
@MISC{Patel2013pbdNCDF4vignette,
  author = {Patel, P. and Ostrouchov, G. and Chen, W.-C. and Schmidt, D. and Pierce, D.},
  title = {A Quick Guide for the pbdNCDF4 package},
  year = {2013},
  note = {R Vignette},
  url = {http://cran.r-project.org/package=pbdNCDF4}
}

@MISC{ncdf4,
    author = {David Pierce},
    title = {ncdf4: Interface to Unidata netCDF (version 4 or earlier) format da
files},
    year = {2012},
    note = {R package},
    url = {http://CRAN.R-project.org/package=ncdf4},
}
@MANUAL{CAM5,
  author = {Eaton, B.},
  organization = {NCAR},
  title = {User's Guide to the Community Atmosphere Model CAM-5.1},
  year = {2011},
  note = {URL \url{http://www.cesm.ucar.edu/models/cesm1.0/cam/}}
}
@MANUAL{CESM1,
  author = {Vertenstein, M. and Craig, T. and Middleton, A. and Feddema, D.
          and Fischer, C.},
  organization = {NCAR},
  title = {CESM1.0.4 User's Guide},
  year = {2011},
  note = {URL \url{http://www.cesm.ucar.edu/models/cesm1.0/cesm/}}
}

